/Users/brglez/Google Drive/latex-gdrive/OPUS.bib