/Users/brglez/Google Drive/latex-gdrive/OPUS2.bib