/Users/annietang/Google Drive/latex-gdrive/OPUS2.bib