/Users/annietang/Google Drive/latex-gdrive/OPUS.bib